@article{anscombe1971,
author = {F. J. Anscombe},
 journal = {The American Statistician},
 number = {1},
 pages = {17-21},
 title = {Graphs in Statistical Analysis},
 volume = {27},
 year = {1973}
}



@misc{wasserstein2019,
  title={Moving to a world beyond ``p< 0.05''},
  author={Wasserstein, Ronald L and Schirm, Allen L and Lazar, Nicole A},
  journal={The American Statistician},
  year={2019},
  vol={73},
  pages={1-19}
}

@article{cumming2007,
  title={Error bars in experimental biology},
  author={Cumming, Geoff and Fidler, Fiona and Vaux, David L},
  journal={The Journal of cell biology},
  volume={177},
  number={1},
  pages={7-11},
  year={2007}
}

@article{amrhein2019,
  title={Scientists rise up against statistical significance},
  author={Amrhein, Valentin and Greenland, Sander and McShane, Blake},
  year={2019},
  vol={567},
  pages={305-307},
  journal={Nature}
}

@article{schwen2018,
  title={Ten quick tips for getting the most scientific value out of numerical data},
  author={Schwen, Lars Ole and Rueschenbaum, Sabrina},
  journal={PLoS computational biology},
  volume={14},
  number={10},
  pages={e1006141},
  year={2018}
}


@book{hunt2020notes,
  title={Introduction to Statistcs},
  author={Hunt, Ian},
  year={2020},
  publisher={Ian Hunt (Monash University)}
}


@book{spiegelhalter2019,
  title={The Art of Statistics: Learning from Data},
  author={Spiegelhalter, David},
  year={2019},
  publisher={Penguin UK}
}


@article{gelman2016,
  title={The statistical crisis in science},
  author={Gelman, Andrew and Loken, Eric},
  journal={The best writing on mathematics},
  volume={2015},
  pages={305},
  year={2016}
}

@article{shalizi2010,
  title={The bootstrap},
  author={Shalizi, Cosma},
  journal={American Scientist},
  volume={98},
  number={3},
  pages={186-190},
  year={2010}
}

@article{hesterberg2015,
  title={What teachers should know about the bootstrap: Resampling in the undergraduate statistics curriculum},
  author={Hesterberg, Tim C},
  journal={The American Statistician},
  volume={69},
  number={4},
  pages={371-386},
  year={2015}
}



@book{freedman2007,
  title={Statistics},
  edition= {4},
  author={Freedman, David and Pisani, Robert and Purves, Roger},
  publisher={Norton},
  year={2007}
}

@book{hacking2001,
  title={An Introduction to Probability and Inductive Logic},
  author={Hacking, Ian},
  year={2001},
  publisher={Cambridge University Press}
}


@book{siegel1988,
  title={Nonparametric statistics for the behavioral sciences},
  author={Siegel, Sidney and Castellan, N John},
  edition={2},
  year={1988},
  publisher={McGraw-Hill}
}

@book{bartholomew2008,
  title={Analysis of multivariate social science data},
  author={Bartholomew, David J and Steele, Fiona and Moustaki, Irini},
  year={2008},
  publisher={Chapman and Hall/CRC}
}


@book{freedman2009,
  title={Statistical models: theory and practice},
  author={Freedman, David A},
  year={2009},
  publisher={Cambridge University Press}
}

@book{efron2016,
  title={Computer age statistical inference},
  author={Efron, Bradley and Hastie, Trevor},
  year={2016},
  publisher={Cambridge University Press}
}

@book{hastieetal2009,
  author    = {Hastie, T. and Tibshirani, R. and Friedman, J.},
  year      = {2009}, 
  title     = {The elements of statistical learning},
  publisher = {Springer},
  edition   = {2}
}

@book{hastieetal2013,
  title={An introduction to statistical learning},
  author={James, Gareth and Witten, Daniela and Hastie, Trevor and Tibshirani, Robert},
  year={2013},
  publisher={Springer}
}


@book{gelman2013,
  author    = {Gelman, A. and Carlin, J. and Stern, H. and Dunson, D. and Vehtari, A. and Rubin, B.},
  year      = {2013}, 
  title     = {Bayesian Data Analysis},
  publisher = {Chapman \& Hall/CRC},
  edition   = {2}
}

@book{casella2002statistical,
  title={Statistical inference},
  author={Casella, George and Berger, Roger L},
  edition={2},
  year={2002},
  publisher={Duxbury}
}










@book{chatterjee1988,
  title={Sensitivity analysis in linear regression},
  author={Chatterjee, Samprit and Hadi, Ali S},
  year={1988},
  publisher={John Wiley \& Sons}
}



@book{cook1982,
  title={Residuals and influence in regression},
  author={Cook, R Dennis and Weisberg, Sanford},
  year={1982},
  publisher={New York: Chapman and Hall}
}

@book{castle2009,
  title={The Methodology and Practice of Econometrics: A Festschrift in Honour of David F. Hendry},
  author={Castle, Jennifer and Shephard, Neil},
  year={2009},
  publisher={OUP Oxford}
}


@article{kimandandnelson1998,
  title={Business cycle turning points, a new coincident index, and tests of duration dependence based on a dynamic factor model with regime switching},
  author={Kim, Chang-Jin and Nelson, Charles R},
  journal={Review of Economics and Statistics},
  volume={80},
  number={2},
  pages={188-201},
  year={1998}
}

@article{chauvet2008,
  title={A comparison of the real-time performance of business cycle dating methods},
  author={Chauvet, Marcelle and Piger, Jeremy},
  journal={Journal of Business \& Economic Statistics},
  volume={26},
  number={1},
  pages={42-49},
  year={2008}
}


@book{borges1962,
  author    = {Borges, Jorge Luis}, 
  title     = {Garden of Forking Paths},
  publisher = {Penguin Random House},
  note = {2018 edition, translated by Donald Yates, Andrew Hurley and James Irby},
  year      = {1962}
}


@article{moulinesandsoulier2000,
  title={Data driven order selection for projection estimator of the spectral density of time series with long range dependence},
  author={Moulines, Eric and Soulier, Philippe},
  journal={Journal of Time Series Analysis},
  volume={21},
  number={2},
  pages={193-218},
  year={2000}
}



@article{burmanetal1994,
author    = {Burman, P., and Chow, E., and Nolan, D.},
year      = {1994},
title     = {A cross-validatory method for dependent data},
journal   = {Biometrika},
volume   = {81},
pages ={351-358}
}



@article{lazarusetal2018,
author    = {Lazarus, E., and Lewis, D., and Stock, J., and Watson, M.},
year      = {2018},
title     = {{HAR} Inference: Recommendations for Practice},
journal   = {Journal of Business and Economic Statistics},
volume   = {36},
pages ={541-559}
}


@article{racine2000,
author    = {Racine, J.},
year      = {2000},
title     = {Consistent cross-validatory model-selection for dependent data: hv-block crossvalidation},
journal   = {Journal of Econometrics},
volume   = {99},
pages ={39-61}
}


@article{kellyetal2018,
author    = {Gu, S. and Kelly, B. and Xiu, D.},
year      = {2018},
title     = {Empirical Asset Pricing Via Machine Learning},
journal   = {Working Paper, Booth School of Business, University of Chigaco}
}



@article{hyndmanetal2018,
author    = {Bergmeir, C., and Hyndman, R., and Koo, B.},
year      = {2018},
title     = {A note on the validity of cross-validation for evaluating autoregressive time series prediction},
journal   = {Computational Statistics and Data Analysis},
volume   = {120},
pages ={70-83}
}


@article{bergmeiretal2014,
author    = {Bergmeir, C., and Costantini, M., and Benitez, J.},
year      = {2014},
title     = {On the usefulness of cross-validation for directional forecast evaluation},
journal   = {Computational Statistics and Data Analysis},
volume   = {76},
pages ={132-143}
}



@book{lakatos1976,
  author    = {Lakatos, I.}, 
  title     = {Proofs and refutations; the logic of mathematical discovery},
  publisher = {CUP},
  year      = {1976},
}







@article{dickeyandfuller1979,
author    = {Dickey, D. and Fuller, W.},
year      = {1979},
title     = {Distribution of the estimators for autoregressive time series with a unit root},
journal   = {Journal of the American Statistical Association},
volume = {74},
pages ={427-431}
}

@article{phillipsandperron1988,
author    = {Phillips, P. and Perron, P.},
year      = {1988},
title     = {Testing for a unit root in time series regression},
journal   = {Biometrika},
volume = {75},
pages ={335-346}
}



@book{lehmannandromano2006,
author    = {Lehmann, E. and Romano, J.},
year      = {2006},
title     = {Testing Statistical Hypotheses},
publisher = {Springer}
}



@article{leamer1983,
author    = {Leamer, E.},
year      = {1983},
title     = {Let's take the con out of econometrics},
journal   = {The American Economic Review},
volume = {73},
pages ={31-40}
}




@article{dickeyandfuller1979,
author    = {Dickey, D. and Fuller, W.},
year      = {1979},
title     = {Distribution of the estimators for autoregressive time series with a unit root},
journal   = {Journal of the American Statistical Association},
volume = {74},
pages ={427-431}
}



@article{li2009,
author    = {Li, T.},
year      = {2009},
title     = {Simulation based selection of competing structural econometric models},
journal   = {Journal of Econometrics},
volume   = {148},
pages ={114-123}
}


@article{vuong1989,
author    = {Vuong, Q.},
year      = {1989},
title     = {Likelihood Ratio Tests for Model Selection and Non-Nested Hypotheses},
journal   = {Econometrica},
volume   = {57},
pages ={307-333}
}




@article{pesaranandpesaran1993,
author    = {Pesaran, M. H. and Pesaran, B.},
year      = {1993},
title     = {A simulation approach to the problem of computing {C}ox's statistic for testing nonnested models},
journal   = {Journal of Econometrics},
volume   = {57},
pages ={377-392}
}


@article{white1982,
author    = {White, H.},
year      = {1982},
title     = {Regularity Conditions for {C}ox's test of non-nested hypotheses},
journal   = {Journal of Econometrics},
volume   = {19},
pages ={301-318}
}


@article{cox1962,
author    = {Cox, D.},
year      = {1962},
title     = {Further Results on Tests of Separate Families of Hypotheses},
journal   = {Journal of the Royal Statistical Society (B)},
volume   = {24},
pages ={406-424}
}





@article{castleandhendry2014,
author    = {Castle, J. and Hendry, D.},
year      = {2014},
title     = {`{Data} mining' with more variables than observations},
journal   = {VOX, CEPR'S Policy Portal},
note={\url{https://voxeu.org/article/data-mining-more-variables-observations}}
}






@article{burnhametal2010,
author    = {Burnham, K. and Anderson, D. and Lukacs, P.},
year      = {2010},
title     = {Model selection bias and {Freedman's} paradox},
journal   = {Ann Inst Stat Math},
volume   = {62},
pages ={117-125}
}


@article{freedman1983,
author    = {Freedman, D.},
year      = {1983},
title     = {A note on screening regression equations},
journal   = {The American Statistician},
volume   = {37},
pages ={152-155}
}

@article{hansenandtimmerman2015b,
author    = {Hansen, P. R. and Timmerman, A.},
year      = {2015},
title     = {Equivalence between out-of-sample forecast comparisons and wald statistics},
journal   = {Econometrica},
volume   = {83},
pages ={2485-2505}
}



@article{hansenandtimmerman2015,
author    = {Hansen, P. R. and Timmerman, A.},
year      = {2015},
title     = {Comment on: Comparing predictive accuracy, twenty years later: A personal perspective on the use and abuse of {Diebold}-{Mariano} tests},
journal   = {Journal of Business and Economic Statistics},
volume   = {33},
pages ={17-21}
}


@article{patton2015,
author    = {Patton, A.},
year      = {2015},
title     = {Comment on: Comparing predictive accuracy, twenty years later: A personal perspective on the use and abuse of {Diebold}-{Mariano} tests},
journal   = {Journal of Business and Economic Statistics},
volume   = {33},
pages ={22-24}
}

@article{hunt2018b,
author    = {Hunt, I.},
year      = {2018},
title     = {Optimistic Equity Premium Predictions},
journal   = {Manuscript, EDHEC Business School},
}


@article{hunt2018,
author    = {Hunt, I.},
year      = {2018},
title     = {The Bias in Psuedo-out-of-sample Testing},
journal   = {Manuscript, EDHEC Business School},
}


@article{lo2004,
author    = {Lo, A.},
year      = {2004},
title     = {The Adaptive Markets Hypothesis: Market Efficiency from an Evolutionary Perspective},
journal   = {Journal of Portfolio Management},
volume = {30},
pages ={15-29}
}


@article{timmermanandgranger2004,
author    = {Timmerman, A. and Granger, C.},
year      = {2004},
title     = {Efficient market hypothesis and forecasting},
journal   = {International Journal of Forecasting},
volume = {20},
pages ={15-27}
}



@article{pedersonandgarleanu2013,
author    = {Garleanu, N. and Pedersen, L.},
year      = {2013},
title     = {Dynamic trading with predictable returns and transaction costs},
journal   = {The Journal of Finance},
volume = {68},
pages ={2309-2340}
}


@article{degrootetal2012,
author    = {De Groot, W. and Huij, J. and Zhou, W.},
year      = {2012},
title     = {Another look at trading costs and short-term reversal profits},
journal   = {Journal of Banking and Finance},
volume = {36},
pages ={371-382}
}





@article{moskowitzetal2012,
author    = {Moskowitz, J. and  Ooi, Y. and Pedersen, L},
year      = {2012},
title     = {Time series momentum},
journal   = {Journal of Financial Economics},
volume = {104},
pages ={228--250}
}

@article{fungandhsieh2006,
author    = {Fung, W. and Hsieh, D.},
year      = {2006},
title     = {Hedge Funds: An Industry in its Adolescence},
journal   = {Federal Reserve Bank of Atlanta Economic Review},
pages ={1-34}
}


@article{kosowskietal2016,
author    = {Kosowski., R. and Joenvaara, J. and Tolonen, P.},
year      = {2016},
title     = {Hedge Fund Performance: What Do We Know?},
journal   = {SSRN: abstract=1989410},
}



@article{fungandhsieh2004,
author    = {Fung, W. and Hsieh, D.},
year      = {2004},
title     = {Hedge fund benchmarks: A risk-based approach},
journal   = {Financial Analysts Journal},
volume   = {60},
pages ={65-80}
}



@article{agarwalandnaik2004,
author    = {Agarwal, V. and Naik, N.},
year      = {2000},
title     = {Risk and portfolio decisions involving hedge funds},
journal   = {Review of Financial Studies},
volume   = {17},
pages ={63-98}
}


@article{fungandhsieh2000,
author    = {Fung, W. and Hsieh, D.},
year      = {2000},
title     = {Performance characteristics of hedge funds and commodity funds: Natural vs spurious biases},
journal   = {Journal of Financial and Quantitative Analysis},
volume   = {35},
pages ={291-307}
}



@article{racine2008,
author    = {Racine, J.},
year      = {2008},
title     = {Nonparametric Econometrics: A Primer},
journal   = {Foundations and Trends in Econometrics},
volume   = {3},
pages ={1-88}
}



@article{bergmeirandbenitez2012,
author    = {Bergmeir, C. and Benitez, J.},
year      = {2012},
title     = {On the use of cross validation for time series predictor evaluation},
journal   = {Information Sciences},
volume   = {191},
pages ={192-213}
}

@article{burman1989,
author    = {Burman, P.},
year      = {1989},
title     = {A comparative study of ordinary cross validation, v-fold cross validation and repeated learning-testing methods},
journal   = {Biometrika},
volume   = {76},
pages ={503-514}
}


@article{christoffersenanddiebold1997, 
author    = {Christoffersen, P. and Diebold, F.},
year      = {1997},
title     = {Optimal Prediction Under Asymmetric Loss},
journal   = {Econometric Theory},
volume   = {13},
pages ={808-817}
}


@article{clarkandwest2007,
author    = {Clark, T. and West, K.},
year      = {2007},
title     = {Approximately Normal Tests for Equal Predictive Accuracy in Nested Models},
journal   = {Journal of Econometrics},
volume   = {138},
pages ={291-311}
}

@article{henkeletal2011,
author    = {Henkel, S. and Martin, J. and Nardari, F.},
year      = {2011},
title     = {Time-varying Short-Horizon Predictability},
journal   = {Journal of Financial Economics},
volume   = {99},
pages ={560-580}
}

@article{koenker2011,
author    = {Koenker, R.},
year      = {2011},
title     = {Additive models for quantile regression: Model selection and confidence bandaids},
journal   = {Brazilian Journal of Probability and Statistics},
volume   = {25},
pages ={239-262}
}



@article{koenkerandhallock2001,
author    = {Koenker, R. and Hallock, K.},
year      = {2001},
title     = {Quantile Regression},
journal   = {Journal of Economic Perspectives},
volume   = {15},
pages ={143-156}
}


@article{kohavi1995,
author    = {Kohavi, R.},
year      = {1995},
title     = {A study of cross validation and bootstrap for accuracy estimation and model selection},
journal   = {Proceedings of the International Joint Conference on Artificial Intelligence (IJCAI)},
volume   = {14},
pages ={1137-1145}
}













































@article{fungandhsieh2001,
author    = {Fung, W. and Hsieh, D.},
year      = {2001},
title     = {The risk in hedge fund strategies: theory and evidence from trend followers},
journal   = {Review of Financial Studies},
volume   = {14},
pages ={313-341}
}

@article{muralidharan2010,
author    = {Muralidharan, O.},
year      = {2010},
title     = {An Empirical {Bayes} Mixture Method For Effect Size and False Discovery Rate Estimation},
journal   = {The Annals of Applied Statistics},
volume   = {4},
pages ={422-438}
}

 
@article{owen2005,
author    = {Owen, A.},
year      = {2005},
title     = {Variance of the number of false discoveries},
journal   = {Journal of the Royal Statistical Society --- Series B},
volume   = {67},
pages ={411-426}
}


@article{shaffer2006,
author    = {Shaffer, J.},
year      = {2006},
title     = {Recent developments towards optimality in multiple hypothesis testing},
journal   = {IMS Lecture Notes, 2nd Lehmann Symposium},
volume   = {46},
pages ={16-32}
}


@article{storey2004,
author    = {Storey, J.},
year      = {2004},
title     = {Strong control, conservative point estimation and simultaneous conservative consistency of false discovery rates: a unified approach},
journal   = {Journal of the Royal Statistical Society --- Series B},
volume   = {66},
pages ={187-205}
}


@book{cox2006,
author    = {Cox, D.},
year      = {2006},
title     = {Principles of Statistical Inference},
publisher = {Cambridge University Press}
}


@article{danglandhalling2012,
author    = {Dangl, T. and Halling, M.},
year      = {2012},
title     = {Predictive regressions with time-varying coefficients},
journal   = {Journal of Financial Economics},
volume   = {106},
pages ={157-181}
}

@article{dieboldandmariano1995,
author    = {Diebold, F., and Mariano, R.},
year      = {1995},
title     = {Comparing Predictive Accuracy},
journal   = {Journal of Business and Economic Statistics},
volume   = {13},
pages ={253-263}
}


@article{efron1986,
author    = {Efron, B.},
year      = {1986},
title     = {How Biased Is the Apparent Error Rate of a Prediction Rule?},
journal   = {Journal of the American Statistical Association},
volume   = {81},
pages ={461-470}
}


@article{efron2007,
author    = {Efron, B.},
year      = {2007},
title     = {Correlation and large-scale simultaneous significance testing},
journal   = {Journal of the American Statistical Association},
volume   = {102},
pages ={93-103}
}

@article{giacominiandwhite2006,
author    = {Giacomini, R. and White, H.},
year      = {2006},
title     = {Tests of Conditional Predictive Ability},
journal   = {Econometrica},
volume   = {74},
pages ={1545-1578}
}


@article{lindley1957,
author    = {Lindley, D},
year      = {1957},
title     = {A statistical paradox},
journal   = {Biometrika},
volume   = {44},
pages ={187-192}
}


@article{mallows1973,
author    = {Mallows, C.},
year      = {1973},
title     = {Some Comments on {C}p},
journal   = {Technometrics},
volume   = {15},
pages ={661–675}
}

@article{mohammadi2016,
author    = {Mohammadi, M.},
year      = {2016},
title     = {On the bounds for diagonal and off-diagonal elements of the hat matrix in the linear regression model},
journal   = {REVSTAT Statistical Journal},
volume   = {14},
pages ={75-87}
}

@article{rapachetal2010,
author    = {Rapach, D. and Strauss, J. and Zhou, G.},
year      = {2010},
title     = {Out-of-Sample Equity Premium Prediction: Combination Forecasts and Links to the Real Economy},
journal   = {The Review of Financial Studies},
volume   = {23},
pages ={821-862}
}

@article{shinanddiebold2017,
author    = {Shin, M. and Diebold, F.},
year      = {2017},
title     = {Assessing Point Forecast Accuracy by Stochastic Error Distance},
journal   = {Econometric Reviews},
volume = {36},
pages = {588-598}
}


@article{stein1981,
author    = {Stein, C.},
year      = {1981},
title     = {Estimation of the Mean of a Multivariate Normal Distribution},
journal   = {The Annals of Statistics},
volume   = {9},
pages ={1135-1151}
}

@article{timmermanandpesaran1995,
author    = {Timmerman, A. and Pesaran, M.},
year      = {1995},
title     = {Predictability of Stock Returns: Robustness and Economic Significance},
journal   = {Journal of Finance},
volume   = {50},
pages ={1201-1228}
}


@InCollection{timmermann2006,
author    = {Timmermann, A.},
title     =  {Forecast Combinations},
booktitle =  {Handbook of Economic Forecasting},
editor    =  {Elliott, G. and Granger, C. and Timmermann, A.},
publisher = {Elsevier},
year      =  {2006}
}


@article{west1996,
author    = {West, K.},
year      = {1996},
title     = {Asymptotic Inference About Predictive Ability},
journal   = {Econometrica},
volume   = {64},
pages ={1067-1084}
}


@article{ye1998,
author    = {Ye, J.},
year      = {1998},
title     = {On Measuring and Correcting the Effects of Data Mining and Model Selection},
journal   = {Journal of the American Statistical Association},
volume   = {93},
pages ={120-131}
}


@article{zhang1993,
author    = {Zhang, P.},
year      = {1993},
title     = {Model selection via multifold cross validation},
journal   = {The Annals of Statistics},
volume   = {21},
pages ={299-313}
}


































@book{locke1690,
  author    = {Locke, J.},
  year      = {1690}, 
  title     = {An Essay Concerning Human Understanding},
}

@InCollection{dietz1990,
author    = {Dietz, P.},
title     =  {{Chapter} Contribution},
booktitle =  {Managing Investment Portfolios: A Dynamic Process},
editor    =  {Maginn, J.},
publisher = {Institute of Chartered Financial Analysts},
year      =  {2001},
}



@book{dietz1966,
  author    = {Dietz, P.}, 
  title     = {Pension Funds: Measuring Investment Performance},
  publisher = {New York: The Free Press},
  year      = {1966},
}



@book{cfa2012,
  author    = {CFA}, 
  title     = {Global Investment Performance Standards Handbook 3rd Edition 2012},
  publisher = {CFA Institute},
  year      = {2012},
}


@article{mertonandhenriksson1981,
author    = {Merton, R. and Henriksson, R.},
year      = {1981},
title     = {On market timing and investment performance II: Statistical procedures for evaluating forecasting skills},
journal   = {Journal of Business},
volume   = {54},
pages ={513-534}
}






@article{fersonandaragon2007,
author    = {Ferson, W. and Aragon, G.},
year      = {2007},
title     = {Portfolio Performance Evaluation},
journal   = {Foundations and Trends in Finance},
volume   = {2},
pages ={83-190}
}


@article{odeanandbarber2011,
author    = {Odean, T. and Barber, M.},
year      = {2011},
title     = {The Behavior of Individual Investors},
journal   = {SSRN},
volume   = {1872211}
}


@article{black1986,
author    = {Black, F.},
year      = {1986},
title     = {Noise},
journal   = {Journal of Finance},
volume   = {XLI},
pages ={529-543}
}

@article{englegranger1987,
author    = {Engle, R. and Granger, C.},
year      = {1987},
title     = {Co-integration and error correction: Representation, estimation, and testing},
journal   = {Econometrica},
volume   = {55},
pages ={251-276}
}

@book{vdvaart1998,
  author    = {van der Vaart, A.}, 
  title     = {Asymptotic Statistics},
  publisher = {Cambridge University Press},
  year      = {1998},
}

@book{good1983,
  author    = {Good, I. J.}, 
  title     = {Good Thinking.  The Foundations of Probability Theory and Its Applications},
  publisher = {University of Minnesota Press},
  year      = {1983}
}


@InCollection{wooldridge2001,
author    = {Wooldridge, J. M.},
title     =  {Diagnostic Testing},
booktitle =  {A Companion to Theoretical Econometrics},
editor    =  {Baltagi},
publisher = {Blackwell},
year      =  {2001},
}


@article{chow1960,
author    = {Chow, G.},
year      = {1960},
title     = {Tests of Equality Between Sets of Coefficients in Two Linear Regressions},
journal   = {Econometrica},
volume   = {59},
pages ={1601-1615}
}


@book{baltagi2011,
  author    = {Baltagi, B.}, 
  title     = {Econometrics},
  publisher = {Springer},
  edition   ={5},
  year      = {2011}
}


@InCollection{hausman1983,
author    = {Hausman, J.,A},
title     =  {Specification Tests and Estimation of Silmultaneous Equation Models},
booktitle =  {Handbook of Econometrics},
editor    =  {Griliches, Z. and Intriligator M.},
publisher = {North Holland: Amsterdam},
year      =  {1983},
volume = {1}
}


@book{white2001,
author    = {White, H.},
year      = {2001},
title     = {Asymptotic Theory for Econometricians},
publisher = {New York: Academic Press}
}

@book{boxandjenkins1970,
  author    = {Box, G. and Jenkins, G.}, 
  title     = {Time Series Analysis: Forecasting and Control},
  publisher = {San Francisco: Holden-Day},
  year      = {1970}
}

@article{engle2001,
author    = {Engle, R.},
year      = {2001},
title     = {{GARCH} 101: The Use of {ARCH}/{GARCH} Models in Applied Econometrics},
journal   = {Journal of Economic Perspectives},
volume   = {15},
pages ={157-168}
}


@book{loandmac1997,
  author    = {Campbell, J. and Lo, A. and MacKinlay, C.}, 
  title     = {The Econometrics of Financial Markets},
  publisher = {Princeton University Press},
  year      = {1997}
}


@article{campbellandthompson2008,
author    = {Campbell, J. and Thompson, S.},
year      = {2008},
title     = {Predicting the Equity Premium Out of Sample: Can Anything Beat the Historical Average?},
journal   = {Review of Financial Studies},
volume   = {21},
pages ={ 1509-31}
}


@article{cochrane2008,
author    = {Cochrane, J.},
year      = {2008},
title     = {The Dog That Did Not Bark: A Defense of Return Predictability},
journal   = {Review of Financial Studies},
volume   = {21},
pages ={1533-1575}
}

@article{timmerman2008,
author    = {Timmermann, A.},
year      = {2008},
title     = {Elusive Return Predictability},
journal   = {International Journal of Forecasting},
volume   = {24},
pages ={1-18}
}

@article{zhuandzhu2013,
author    = {Zhu, X. and Zhu, J.},
year      = {2013},
title     = {Predicting stock returns: A regime-switching combination approach and economic links},
journal   = {Journal of Banking \& Finance},
volume   = {37},
pages ={4120-4133}
}


@article{welchandgoyal2008,
author    = {Welch, I. and Goyal, A.},
year      = {2008},
title     = {A Comprehensive Look at The Empirical Performance of Equity Premium Prediction},
journal   = {The Review of Financial Studies},
volume   = {21},
pages ={1455-1508}
}


@article{rapachetal2013,
author    = {Rapach, D. and Strauss, J. and Zhou, G.},
year      = {2013},
title     = {International Stock Return Predictability: What Is the Role of the United States?},
journal   = {The Journal of Finance},
volume   = {LXVIII},
pages ={1633-1662}
}


@book{cochrane2005,
  author    = {Cochrane, J.}, 
  title     = {Asset Pricing.  Revised edition.},
  publisher = {Princeton University Press},
  year      = {2005}
}


@book{ang2014,
  author    = {Ang, A.}, 
  title     = {Asset Pricing: A Systematic Approach to Factor Investing},
  publisher = {Oxford University Press},
  year      = {2014}
}


@book{tsay2005,
  author    = {Tsay, R. S.}, 
  year      = {2005},
  title     = {Analysis of Financial Time Series},
  publisher = {Wiley},
  edition = {2}
}


@article{fama2011,
author    = {Fama, E.},
year      = {2011},
title     = {My Life in Finance},
journal   = {Annual Review of Financial Economics},
volume   = {3},
pages ={1-15}
}

@article{famaandfrench2008,
author    = {Fama, E. and French, K.},
year      = {2008},
title     = {Dissecting Anomalies},
journal   = {Journal of Finance},
volume   = {LXIII},
pages ={1653-1678}
}


@article{famaandfrench2016,
author    = {Fama, E. and French, K.},
year      = {2016},
title     = {Dissecting Anomalies with a Five-Factor Model},
journal   = {Journal of Finance},
volume   = {29},
pages ={69-103}
}


@book{shleifer2000,
  author    = {Shleifer, A.},
  year      = {2000}, 
  title     = {Inefficient Markets: An Introduction to Behavioural Finance ({Clarendon} Lectures in Economics)},
  publisher = {Oxford University Press},
}


@article{asnessetal2015,
author    = {Asness, C. S. and Moskowitz, T. J. and Frazzini A. and Isreal R.},
year      = {2015},
title     = {Fact, Fiction and Value Investing},
journal   = {Journal of Portfolio Management},
volume   = {42},
pages ={}
}

@article{asnessetal2013,
author    = {Asness, C. S. and Moskowitz, T. J. and Pedersen, L. H.},
year      = {2013},
title     = {Value and Momentum Everywhere},
journal   = {Journal of Finance},
volume   = {LXVIII},
pages ={929-985}
}


@article{famaandfrench1993,
author    = {Fama, E. F, and French, K. R.},
year      = {1993},
title     = {Common Risk Factors in the Returns on Stocks and Bonds},
journal   = {Journal of Financial Economics},
volume   = {33},
pages ={3-56}
}

@article{carhart1997,
author    = {Carhart, M. M.},
year      = {1997},
title     = {On Persistence in Mutual Fund Performance},
journal   = {The Journal of Finance},
volume   = {52},
pages ={57-82}
}

@article{eling2008,
author    = {Eling, M.},
year      = {2008},
title     = {Does the Measure Matter in the Mutual Fund Industry?},
journal   = {Financial Analysts Journal},
volume   = {64},
pages ={54-66}
}


@article{lo2002,
author    = {Lo, A.},
year      = {2002},
title     = {The Statistics of Sharpe Ratios},
journal   = { Financial Analysts Journal},
volume   = {58},
pages ={36-52}
}

@article{white1980,
author    = {White, H. },
year      = {1980},
title     = {A Heteroscedasticity-Consistent Covariance Matrix Estimator and a Direct Test for Heteroscedasticity},
journal   = {Econometrica},
volume   = {50},
pages ={1-16}
}

@article{neweyandwest1987,
author    = {Newey, W. and West, K.},
year      = {1987},
title     = {A Simple Positive Semi-Definite, Heteroscedasticity and Autocorrelation Consistent Covariance Matrix},
journal   = {Econometrica},
volume   = {55},
pages ={703-708}
}

@article{pesaran1974,
author    = {Pesaran, M.},
year      = {1974},
title     = {On the General Problem of Model Selection},
journal   = {Review of Economic Studies},
volume   = {41},
pages ={153-171}
}

@book{theil1961,
  author    = {Theil, H.},
  year      = {1961}, 
  title     = {Economic Forecasts and Policy},
  publisher = {North-Holland Publishing Company, Amsterdam},
}

@article{stone1974,
author    = {Stone, M.},
year      = {1974},
title     = {Cross-Validatory Choice and Assessment of Statistical Predictions},
journal   = {Journal of the Royal Statistical Society (Series B)},
volume   = {36},
pages ={111-147}
}


@article{efron2004,
author    = {Efron, B.},
year      = {2004},
title     = {The Estimation of Prediction Error: Covariance Penalties and Cross--Validation},
journal   = {Journal of the American Statistical Association},
volume   = {99},
pages ={619-632}
}

@article{hansonandlunde2005,
author    = {Hanson, P. and Lunde, A.},
year      = {2005},
title     = {A forecast comparison of volatility models: Does anything beat a {GARCH}(1,1)?},
journal   = {Journal of Applied Econometrics},
volume   = {131},
pages ={97-121}
}

@InCollection{dieboldetal2006,
author    = {Andersen, T.G. and Bollerslev, T. and Christoffersen, P.F. and Diebold, F.X.},
title     =  {Volatility and Correlation Forecasting},
booktitle =  {Handbook of Economic Forecasting},
editor    =  {Elliot, G. and Granger, C. and Timmermann, A.},
publisher = {Amsterdam: North-Holland},
year      =  {2006},
pages 	  = {778-878}
}




@article{bollerslevetal1996,
author    = {Baillie, R. T. and Bollerslev, T. and Mikkelsen, H. O.},
year      = {1996},
title     = {Fractionally integrated generalized autoregressive conditional heteroskedasticity},
journal   = {Journal of Econometrics},
volume   = {74},
pages ={3–30}
}

@article{jagannathanetal1993,
author    = {Glosten, L.R. and Jagannathan, R. and Runkle, D.},
year      = {1993},
title     = {On the relation between the expected value and the volatility of the nominal excess return on stocks},
journal   = {Journal of Finance},
volume   = {48},
pages ={1779–1801}
}

@article{bollerslev1986,
author    = {Bollerslev, T.},
year      = {1986},
title     = {Generalized autoregressive conditional heteroskedasticity},
journal   = {Journal of Econometrics},
volume   = {31},
pages ={307–327}
}

@article{engle2002,
author    = {Engle, R.},
year      = {2002},
title     = {Dynamic conditional correlation: A simple class of multivariate {GARCH} models},
journal   = {Journal of Business and Economic Statistics},
volume   = {20},
pages ={339-350}
}






@article{dickeyandfuller1979,
author    = {Dickey, D. A. and Fuller, W. A.},
year      = {1979},
title     = { Distribution of the estimators for autoregressive time series with a unit root},
journal   = {Journal of the American Statistical Association},
volume   = {74},
pages ={427–-431}
}

@article{phillipsanddurlauf1988,
author    = {Durlauf, S. N. and Phillips, P. C. B.},
year      = {1988},
title     = {Trends versus random walks in time series analysis},
journal   = {Econometrica},
volume   = {56},
pages ={1333-1354}
}

@article{engleandgranger1987,
author    = {Engle, R. F. and Granger, C. W. J.},
year      = {1987},
title     = {Co-integration and error correction: Representation, estimation, and testing},
journal   = {Econometrica},
volume   = {55},
pages ={251-276}
} 

@article{granger1981,
author    = {Granger, C. W. J.},
year      = {1981},
title     = {Some properties of time series data and their use in econometric model specification},
journal   = {Journal of Econometrics},
volume   = {16},
pages ={121-130}
} 

@article{granger1974,
author    = {Granger, C. W. J. and Newbold, P.},
year      = {1974},
title     = {Spurious regressions in econometrics},
journal   = {Journal of Econometrics},
volume   = {2},
pages ={111-120}
} 

@article{boudoukhetal2006,
author    = {Boudoukh, J. and Richardson, M. and Whitelaw, R. F.},
year      = {2006},
title     = {The Myth of Long-Horizon Predictability},
journal   = {Review of Financial Studies},
volume   = {21},
pages ={1577-1605}
}

@article{zellner1962,
author    = {Zellner, A.},
year      = {1962},
title     = {An efficient method of estimating seemingly unrelated regressions and tests of aggregation bias},
journal   = {Journal of the American Statistical Association},
volume   = {57},
pages ={500-509}
}


@book{wakefield2013,
  author    = {Wakefield, J.},
  year      = {2013}, 
  title     = {Bayesian and Frequentist Regression Methods},
  publisher = {Springer},
}


@misc{gelman2011,
  author    = "Gelman, A.",
  title = "Conference presentation",
  howpublished = "\url{www.stat.columbia.edu/~martin/Workshop/statistics_neuro_data_931_speaker_04.mov}",
  note = "Accessed: 2011-06-30",
  year="2011",
}

@misc{hansen2013,
  author    = "Hansen, L. P.",
  title = "Nobel Prize Lecture",
  howpublished = "\url{www.nobelprize.org/nobel_prizes/economic-sciences/laureates/2013/hansen-lecture.html}",
  year="2013",
  note = "Accessed: 2017-08-28",
}


@misc{akaike2006,
  author    = "Akaike, H.",
  title = "Kyoto Prize Lecture",
  howpublished = "\url{www.kyotoprize.org/en/laureates/commemorative_lectures/}",
  year      = "2006",
  note = "Accessed: 2017-08-28",
}



@article{lindley1997,
author    = {Lindley, D.},
year      = {1997},
title     = {Book Review of `Multiple Comparisons: Theory and Methods' by {J Hsu}},
journal   = {The Statistician},
volume   = {46},
pages ={572}
}

@article{jordon2011,
author    = {Jordon, M. I.},
year      = {2011},
title     = {What Are The Open Problems In Bayesian Statistics?},
journal   = {The International Society for Bayesian Analysis Bulletin},
volume   = {18},
pages ={1-4}
}

@article{hallandhorowitz1996,
author    = {Hall, P. and Horowitz, J.},
year      = {1996},
title     = {Bootstrap critical values for tests based on Generalized-Method-of-Moments estimation},
journal   = {Econometrica},
volume   = {64},
pages ={891-916}
}

@article{black1993,
author    = {Black, F.},
year      = {1993},
title     = {Beta and return},
journal   = {Journal of Portfolio Management},
pages ={75-84}
}



@InCollection{bollerslevetal2005,
author    = {Bollerslev, T. and Andersen, T. G. and Diebold, F. X.},
title     =  {Parametric and Nonparametric Volatility Measurement},
booktitle =  {Handbook of Financial Econometrics},
editor    =  {Hansen, L. P. and Ait-Sahalia, Y.},
publisher = {Amsterdam: North-Holland},
year      =  {2005}
}












@misc{hansen2013,
  author    = {Hansen, L. P.},
  year      = {2013},
  title = {Nobel Prize Lecture}
}


@article{hendry2011,
author    = {Hendry, D.},
year      = {2011},
title     = {Empirical Economic Model Discovery and Theory Evaluation},
journal   = {RMM - Special Topic: Statistical Science and Philosophy of Science},
volume   = {2},
pages ={115-145}
}

@InCollection{dawid1982,
author    = {Dawid, A. P.},
year      = {1982},
title     = {Intersubjective statistical models},
booktitle =  {Exchangeability in Probability and Statistics},
editor    =  {Koch, G. and Spizzichino,F.},
publisher = {North-Holland},
pages = {217-232}
}


@article{lehman1990,
author    = {Lehmann, E. L.},
year      = {1990},
title     = {Model Specification: The Views of Fisher and Neyman, and Later Developments},
journal   = {Statistical Science},
volume   = {5},
pages ={160-168}
}



@article{diebold2015,
author    = {Diebold, F. X.},
year      = {2015},
title     = {Comparing predictive accuracy, twenty years later: A personal perspective on the use and abuse of {Diebold}-{Mariano} tests},
journal   = {Journal of Business and Economic Statistics},
volume   = {33},
pages ={1-17}
}


@InCollection{clarkandmccracken2013,
author    = {Clark, T. and McCracken, M.},
title     =  {Advances in Forecast Evaluation},
booktitle =  {Handbook of Economic Forecasting: 2B},
editor    =  {Elliott, G. and Timmermann, A.},
publisher = {North Holland},
year      =  {2013},
pages = {1107-1202}
}



@article{white2000,
author    = {White, H.},
year      = {2000},
title     = {A reality check for data snooping},
journal   = {Econometrica},
volume   = {68},
pages ={1097-1126}
}

@article{whiteetal1999,
author    = {Sullivan, R. and Timmermann, A. and White, H.},
year      = {1999},
title     = {Data-Snooping, Technical Trading Rule Performance, and the Bootstrap},
journal   = {The Journal of Finance},
volume   = {54},
pages ={1647-1691}
}

@article{kosowski2006,
author    = {Kosowski, R. and Timmermann, A. and Wermers, R. and White, H.},
year      = {2006},
title     = {Can mutual fund `stars' really pick stocks? New evidence from a bootstrap analysis},
journal   = {Journal of Finance},
volume   = {61},
pages ={2551-2595}
}

@article{romanoandwolf2005,
author    = {Romano, J. and Wolf, M.},
year      = {2005},
title     = {Stepwise multiple testing as formalized data snooping},
journal   = {Econometrica},
volume   = {73},
pages ={1237-1282}
}

@article{famaandfrench2010,
author    = {Fama, E. and French, K.},
year      = {2010},
title     = {Luck versus Skill in the Cross-Section of Mutual Fund Returns},
journal   = {Journal of Finance},
volume   = {LXV},
pages ={1915-1947}
}




@article{stone1977,
author    = {Stone, M.},
year      = {1977},
title     = {Asymptotics For and Against Cross-Validation},
journal   = {Biometrika},
volume   = {64},
pages ={29-35}
} 

@article{stone1977b,
author    = {Stone, M.},
year      = {1977},
title     = {An Asymptotic Equivalence of Choice of Model by Cross--Validation of{Akaike's} Criterion},
journal   = {Journal of the Royal Statistical Society, B},
volume   = {39},
pages ={44-47}
}



@article{akaike1973,
author    = {Akaike, H.},
year      = {1973},
title     = {Information theory and an extension of the maximum likelihood principle},
journal   = {Proc.2nd International Symposium on Information Theory, Budapest},
pages ={267-281}
}


@article{takeuchi1976,
author    = {Takeuchi, K.},
year      = {1976},
title     = {Distribution of informational statistics and a criterion of model fitting},
journal   = {Suri-Kagaku (Mathematic Sciences)},
volume   = {153},
pages ={12-18}
}



@article{benjaminiandHochberg1995,
author    = {Benjamini, Y. and Hochberg, Y.},
year      = {1995},
title     = {Controlling the false discovery rate: a practical and powerful approach to multiple testing},
journal   = {Journal of the Royal Statistical Society --- Series B},
volume   = {57},
pages ={289-300}
} 

@article{shaffer2006,
author    = {Shaffer, J. P.},
year      = {2006},
title     = {Recent developments towards optimality in multiple hypothesis testing},
journal   = {IMS Lecture Notes, 2nd Lehmann Symposium},
volume   = {46},
pages ={16-32}
}

@article{barrasetal2010,
author    = {Barras, L. and Scaillet, O. and Wermers,R.},
year      = {2010},
title     = {False Discoveries in Mutual Fund Performance: Measuring Luck in Estimated Alphas},
journal   = {Journal of Finance},
volume   = {65},
pages ={179-216}
}

@article{efron2008,
author    = {Efron, B.},
year      = {2008},
title     = {Microarrays, empirical {Bayes} and the two-groups model},
journal   = {Statistical Science},
volume   = {23},
pages ={1-22}
}

@article{colquhoun2014,
author    = {Colquhoun, D.},
year      = {2014},
title     = {An investigation of the false discovery rate and the misinterpretation of p-values},
journal   = {Royal Society Open Science},
volume   = {140216}
}




@misc{shalizi2013,
  author    = "Shalizi, C.",
  title = "Which Bootstrap When",
  howpublished = "Course notes, Carnegie Mellon University",
  year="2013",
}

@article{shalizi2010,
author    = {Shalizi, C.},
year      = {2010},
title     = {The Bootstrap},
journal   = {American Scientist},
volume   = {98},
pages ={186-190}
}

@book{efron1993,
  author    = {Efron, B.},
  year      = {1993}, 
  title     = {An Introduction to the Bootstrap},
  publisher = { Chapman \& Hall}
}






@article{koenkerandhallock2001,
author    = {Koenker, R. and Hallock, K. },
year      = {2001},
title     = {Quantile Regression},
journal   = {Journal of Economic Perspectives},
volume   = {15},
pages ={43-56}
}

@book{mattesonandruppert2015,
  author    = {Matteson, D. and Ruppert, D.},
  year      = {2015}, 
  title     = {Statistics and Data Analysis for Financial Engineering},
  publisher = {Springer},
  edition   = {2}
}

@article{hendryandkrolzig2004,
author    = {Hendry, D. and Krolzig, H.M.},
year      = {2004},
title     = {We Ran One Regression},
journal   = {Department of Economics, Oxford University, manuscript},
}

@article{hendryandgranger2004,
author    = {Hendry, D. and Granger, C.},
year      = {2004},
title     = {A Dialog Concerning a New Instrument for Econometric Modeling},
journal   = {Department of Economics, Oxford University, manuscript},
}




@article{peterson2009,
author    = {Petersen, M.},
year      = {2009},
title     = {Estimating Standard Errors in Finance Panel
Data Sets: Comparing Approaches},
journal   = {The Review of Financial Studies},
volume   = {22},
pages ={435-480}
}

@article{famaandmacbeth1973,
author    = {Fama, E. and MacBeth, J.},
year      = {1973},
title     = {Risk, return, and equilibrium: empirical tests},
journal   = {Journal of Political Economy},
volume   = {81},
pages ={607-36}
} 



@book{wasserman2010,
  author    = {Wasserman, L.},
  year      = {2010}, 
  title     = {All of Statistics: A Concise Course in Statistical Inference},
  publisher = {Springer}
}


@book{chambersanddimson2016,
  author    = {Chambers, D. and Dimson, E.},
  year      = {2016}, 
  title     = {Financial market history reflections on the past for investors today},
  publisher = {The CFA Institute Research Foundation}
}

@book{healy2001,
  author    = {Healy, M.},
  year      = {2001}, 
  title     = {Matrices for Statistics},
  publisher = {Oxford University Press}
}


@book{greene2017,
  author    = {Greene, W.},
  year      = {2017}, 
  title     = {Econometric Analysis},
  publisher = {Pearson},
  edition = {6, 7 or 8}
}





@article{harveyetal2016,
author    = {Harvey, C. and Liu, Y. and Zhu, H.},
year      = {2016},
title     = {...and the Cross-Section of Expected Returns},
journal   = {The Review of Financial Studies},
vol = {29},
pages = {5-68}
}


@article{ledoitandwolf2004,
author    = {Ledoit, O. and Wolf, M.},
year      = {2004},
title     = {Honey, I shrunk the sample covariance matrix},
journal   = {The Journal of Portfolio Management},
vol = {30},
pages = {110-119}
}




@article{nelson1991,
author    = {Nelson, D. B.},
year      = {1991},
title     = {Conditional Heteroskedasticity in Asset Returns: A New Approach},
journal   = {Econometrica},
volume   = {59},
pages ={347-370}
}

@article{glostenetal1993,
author    = {Glosten, L. R. and Jagannathan, R. and Runkle, D.},
year      = {1993},
title     = {On the Relation Between the Expected Value and the Volatility of the Nominal Excess Return on Stocks},
journal   = {Journal of Finance},
volume   = {48},
pages ={1779-1801}
}

@book{fisher1959,
author    = {Fisher, R., A.},
year      = {1959},
edition = {1990},
title     = {Statistical Methods, Experimental Design and Scientific Inference},
publisher = {Oxford University Press}
}

@InCollection{fisher1973,
author  = {Fisher, R. A.},
title     =  {Statistical Methods for Research Workers (14 ed.)},
booktitle =  {Statistical Methods, Experimental Design, and Scientific Inference (Single Volume Edition)},
editor    =  {Bennett, J. H.},
publisher = {Oxford University Press},
year      =  {1990}
}

@article{efron2010,
author    = {Efron, B.},
year      = {2010},
title     = {Editorial Interview},
journal   = {Significance (Royal Statistical Society)}
}

